<record><leader>00000cas a2200000 a 4500</leader><controlfield tag="001">31305729</controlfield><controlfield tag="008">941018d19591962iluwr ne      0   a0eng c</controlfield><datafield ind1=" " ind2=" " tag="010"><subfield code="a">sn 94060700 </subfield></datafield><datafield ind1=" " ind2=" " tag="040"><subfield code="a">NVF</subfield><subfield code="b">eng</subfield><subfield code="c">NVF</subfield><subfield code="d">OCLCQ</subfield><subfield code="d">NVF</subfield><subfield code="d">OCLCF</subfield><subfield code="d">OCLCO</subfield><subfield code="d">NVF</subfield></datafield><datafield ind1=" " ind2=" " tag="042"><subfield code="a">pcc</subfield></datafield><datafield ind1=" " ind2=" " tag="043"><subfield code="a">n-us-il</subfield></datafield><datafield ind1="0" ind2="0" tag="245"><subfield code="a">North Riverside star-citizen.</subfield></datafield><datafield ind1="3" ind2=" " tag="246"><subfield code="a">North Riverside star citizen</subfield></datafield><datafield ind1=" " ind2=" " tag="260"><subfield code="a">Riverside, Ill. :</subfield><subfield code="b">Citizen Pub. Corp.,</subfield><subfield code="c">1959-1962.</subfield></datafield><datafield ind1=" " ind2=" " tag="300"><subfield code="a">v.</subfield></datafield><datafield ind1=" " ind2=" " tag="310"><subfield code="a">Weekly</subfield></datafield><datafield ind1="0" ind2=" " tag="362"><subfield code="a">44th year, no. 13 (Aug. 7, 1959)-47th year, no. 8 (June 29, 1962).</subfield></datafield><datafield ind1=" " ind2=" " tag="515"><subfield code="a">Continues the numbering of North Riverside star.</subfield></datafield><datafield ind1=" " ind2=" " tag="580"><subfield code="a">Merged with: Riverside news (Riverside, Ill. : Riverside ed.), to form: Riverside news North Riverside citizen.</subfield></datafield><datafield ind1=" " ind2="0" tag="651"><subfield code="a">North Riverside (Ill.)</subfield><subfield code="v">Newspapers.</subfield></datafield><datafield ind1=" " ind2="7" tag="651"><subfield code="a">Illinois</subfield><subfield code="z">North Riverside.</subfield><subfield code="2">fast</subfield><subfield code="0">(OCoLC)fst01226722</subfield></datafield><datafield ind1=" " ind2="7" tag="655"><subfield code="a">Newspapers.</subfield><subfield code="2">fast</subfield><subfield code="0">(OCoLC)fst01423814</subfield></datafield><datafield ind1=" " ind2=" " tag="752"><subfield code="a">United States</subfield><subfield code="b">Illinois</subfield><subfield code="c">Cook</subfield><subfield code="d">Riverside.</subfield></datafield><datafield ind1="0" ind2="0" tag="780"><subfield code="t">North Riverside star</subfield><subfield code="w">(DLC)sn 94060699</subfield><subfield code="w">(OCoLC)31305696</subfield></datafield><datafield ind1="1" ind2="7" tag="785"><subfield code="t">Riverside news (Riverside, Ill. : Riverside ed.)</subfield><subfield code="w">(DLC)sn 93057164</subfield><subfield code="w">(OCoLC)28919019</subfield></datafield><datafield ind1="1" ind2="7" tag="785"><subfield code="t">Riverside news North Riverside citizen</subfield><subfield code="w">(DLC)sn 94060704</subfield><subfield code="w">(OCoLC)31306399</subfield></datafield><datafield ind1="1" ind2=" " tag="029"><subfield code="a">AU@</subfield><subfield code="b">000011305885</subfield></datafield></record>